<?xml version="1.0" encoding="UTF-8"?><collection xmlns="http://www.loc.gov/MARC21/slim"><record><leader>00566nam--2200181-i-4500</leader><controlfield tag="001">000000015</controlfield><controlfield tag="002">20161230</controlfield><controlfield tag="005">20170117111459</controlfield><controlfield tag="008">060222s1000------------r-----000-0-eng-d</controlfield><datafield ind1=" " ind2=" " tag="040"><subfield code="a">IFIN-HH</subfield></datafield><datafield ind1=" " ind2=" " tag="080"><subfield code="a">517.9(061.3)</subfield></datafield><datafield ind1="1" ind2=" " tag="100"><subfield code="a">Mshimba, A. S. A</subfield></datafield><datafield ind1=" " ind2=" " tag="245"><subfield code="a">Functional Analytic Methods in Complex Analysis and Applications to Partial Differential Equations.ICTP, Trieste, Italy, 8-19 February, 1988</subfield></datafield><datafield ind1=" " ind2=" " tag="260"><subfield code="a">Singapore</subfield><subfield code="b">World Scientific</subfield><subfield code="c">1990</subfield></datafield><datafield ind1=" " ind2=" " tag="300"><subfield code="a">VIII + 379 P</subfield></datafield><datafield ind1=" " ind2=" " tag="700"><subfield code="a">Tutschke, W</subfield></datafield><datafield ind1=" " ind2=" " tag="852"><subfield code="a">79461</subfield><subfield code="c">517.9</subfield></datafield><datafield ind1=" " ind2=" " tag="CAT"><subfield code="a">SYS</subfield><subfield code="c">20170117</subfield><subfield code="h">111459</subfield></datafield></record></collection>